@book{newton,
   author = {Newton, Isaac},
   title = {Philosophi√¶ naturalis principia mathematica},
   publisher = {Editio tertia, aucta amp; emendata. Londini : Apud G. amp; J. Innys, 1726.},
   url = {https://search.library.wisc.edu/catalog/999567436102121},
   year = {1726},
   type = {Book}
}
